@comment ---------- WEBSITES ------------

@misc{website:apache-hadoop,
author = {{Apache Hadoop}},
month = jun,
year = {2012},
howpublished={\newline \url{http://hadoop.apache.org}}
}

@misc{website:aws,
author = {{Amazon Web Services}},
month = jun,
year = {2012},
howpublished={\newline \url{http://aws.amazon.com}}
}

@misc{website:ibm-bigdata,
author = {{Bringing big data to the enterprise}},
month = jul,
year = {2012},
howpublished={\newline \url{http://www-01.ibm.com/software/data/bigdata}}
}


@misc{website:one,
author = {{OpenNebula}},
title = {An Open Source Solution of Data Center Virtualization},
month = jul,
year = {2012},
howpublished={\newline \url{http://opennebula.org/}}
}

@article{fox2009above,
  title={Above the clouds: A Berkeley view of cloud computing},
  author={Fox, A. and Griffith, R. and others},
  journal={Dept. Electrical Eng. and Comput. Sciences, University of California, Berkeley, Rep. UCB/EECS; 
           \newline \url{http://www.eecs.berkeley.edu/Pubs/TechRpts/2009/EECS-2009-28.pdf}},
  volume={28},
  year={2009}
}

@inproceedings{weinman2011future,
  title={The future of Cloud Computing},
  author={Weinman, J.},
  booktitle={Technologies Beyond 2020 (TTM), 2011 IEEE Technology Time Machine Symposium on},
  pages={1--2},
  year={2011},
  organization={IEEE}
}

@article{mell2009nist,
  title={The NIST definition of cloud computing},
  author={Mell, P. and Grance, T.},
  journal={National Institute of Standards and Technology},
  volume={53},
  number={6},
  pages={50},
  year={2009},
  publisher={NIST}
}

@article{berman2008got,
  title={Got data?: a guide to data preservation in the information age},
  author={Berman, F.},
  journal={Communications of the ACM},
  volume={51},
  number={12},
  pages={50--56},
  year={2008},
  publisher={ACM}
}

@article{dean2008mapreduce,
  title={MapReduce: Simplified data processing on large clusters},
  author={Dean, J. and Ghemawat, S.},
  journal={Communications of the ACM},
  volume={51},
  number={1},
  pages={107--113},
  year={2008},
  publisher={ACM}
}

@inproceedings{shengsheng2010hibench,
  title={The HiBench benchmark suite: characterization of the MapReduce-based data analysis},
  author={Shengsheng, H. and Jie, H. and Jinquan, D. and Tao, X. and Bo, H.},
  booktitle={Proceedings of IEEE 26th International Conference on Data Engineering Workshops (ICDEW)},
  year={2010}
}

@article{ibrahim2009evaluating,
  title={Evaluating mapreduce on virtual machines: The hadoop case},
  author={Ibrahim, S. and Jin, H. and Lu, L. and Qi, L. and Wu, S. and Shi, X.},
  journal={Cloud Computing},
  pages={519--528},
  year={2009},
  publisher={Springer}
}

@article{o2009winning,
  title={Winning a 60 second dash with a yellow elephant},
  author={Oâ€™Malley, O. and Murthy, A.C.},
  journal={Proceedings of sort benchmark},
  year={2009}
}

@article{jacobs2009pathologies,
  title={The pathologies of big data},
  author={Jacobs, A.},
  journal={Communications of the ACM},
  volume={52},
  number={8},
  pages={36--44},
  year={2009},
  publisher={ACM}
}

@book{garfinkel1999architects,
  title={Architects of the information society: 35 years of the Laboratory for Computer Science at MIT},
  author={Garfinkel, S. and Abelson, H.},
  year={1999},
  publisher={The MIT Press}
}


